@misc{milne,
author={Milne, James S.},
title={Lectures on Etale Cohomology (v2.21)},
year={2013},
note={Available at www.jmilne.org/math/},
pages={202}
}

@misc{jannsen,
author={Jannsen, Uwe},
title={Deligne's Proof of the Weil-Conjecture},
year={WS 2015/2016},
note={Available at http://www.mathematik.uni-r.de/Jannsen/home/Weil-gesamt-eng.pdf},
}

@book {hartshorne,
AUTHOR = {Hartshorne, Robin},
TITLE = {Algebraic geometry},
NOTE = {Graduate Texts in Mathematics, No. 52},
PUBLISHER = {Springer-Verlag, New York Berlin Heidelberg},
YEAR = {1997},
ISBN = {0-387-90244-9},
}